<?xml version="1.0" encoding="UTF-8"?><collection xmlns="http://www.loc.gov/MARC21/slim"><record><leader>00462nam--2200169-i-4500</leader><controlfield tag="001">000039737</controlfield><controlfield tag="002">20161230</controlfield><controlfield tag="005">20170206183311</controlfield><controlfield tag="008">060222s1000------------r-----000-0-eng-d</controlfield><datafield ind1=" " ind2=" " tag="080"><subfield code="a">539.23:538.975</subfield></datafield><datafield ind1=" " ind2=" " tag="245"><subfield code="a">Preparation and properties of thin films</subfield></datafield><datafield ind1=" " ind2=" " tag="260"><subfield code="a">New York</subfield><subfield code="b">Academic Press</subfield><subfield code="c">1982</subfield></datafield><datafield ind1=" " ind2=" " tag="300"><subfield code="a">VII + 337 p</subfield></datafield><datafield ind1=" " ind2=" " tag="490"><subfield code="a">Treatise On Materials Science And Technology</subfield></datafield><datafield ind1=" " ind2=" " tag="700"><subfield code="a">Rosenberg, R</subfield></datafield><datafield ind1=" " ind2=" " tag="852"><subfield code="a">41658</subfield></datafield><datafield ind1=" " ind2=" " tag="CAT"><subfield code="a">SYS</subfield><subfield code="c">20170206</subfield><subfield code="h">183311</subfield></datafield></record></collection>